<?xml version="1.0" encoding="UTF-8"?><collection xmlns="http://www.loc.gov/MARC21/slim"><record><leader>00503nam--2200181-i-4500</leader><controlfield tag="001">000005344</controlfield><controlfield tag="002">20161230</controlfield><controlfield tag="005">20170122232121</controlfield><controlfield tag="008">060222s1000------------r-----000-0-eng-d</controlfield><datafield ind1=" " ind2=" " tag="080"><subfield code="a">517.7(083.5):518.2</subfield></datafield><datafield ind1=" " ind2=" " tag="100"><subfield code="a">Adams, Edwin P</subfield></datafield><datafield ind1=" " ind2=" " tag="245"><subfield code="a">Smithsonian mathemaatical formulae and tables of elliptic functions</subfield></datafield><datafield ind1=" " ind2=" " tag="260"><subfield code="a">Washington</subfield><subfield code="b">The Smithsonian Institution</subfield><subfield code="c">1957</subfield></datafield><datafield ind1=" " ind2=" " tag="300"><subfield code="a">VIII + 314 p</subfield></datafield><datafield ind1=" " ind2=" " tag="490"><subfield code="a">2672</subfield></datafield><datafield ind1=" " ind2=" " tag="700"><subfield code="a">Hippisley, R. L</subfield></datafield><datafield ind1=" " ind2=" " tag="852"><subfield code="a">11916</subfield></datafield><datafield ind1=" " ind2=" " tag="CAT"><subfield code="a">SYS</subfield><subfield code="c">20170122</subfield><subfield code="h">232121</subfield></datafield></record></collection>